
@book{sacomano2018industria,
  title={Ind{\'u}stria 4.0},
  author={José Benedito Sacomano and Rodrigo Franco Gonçalves and Sílvia Helena Bonilla and Márcia Terra da Silva and Walter Cardoso Sátyro},
  year={2018},
  publisher={Editora Blucher}
}

@article{lu2017industry,
  title={Industry 4.0: A survey on technologies, applications and open research issues},
  author={Lu, Yang},
  journal={Journal of Industrial Information Integration},
  volume={6},
  pages={1--10},
  year={2017},
  publisher={Elsevier}
}


@article{bonin2008visual,
  title={Visual navigation for mobile robots: A survey},
  author={Bonin-Font, Francisco and Ortiz, Alberto and Oliver, Gabriel},
  journal={Journal of intelligent and robotic systems},
  volume={53},
  number={3},
  pages={263--296},
  year={2008},
  publisher={Springer}
}

@inproceedings{chiu2020agriculture,
  title={Agriculture-vision: A large aerial image database for agricultural pattern analysis},
  author={Chiu, Mang Tik and Xu, Xingqian and Wei, Yunchao and Huang, Zilong and Schwing, Alexander G and Brunner, Robert and Khachatrian, Hrant and Karapetyan, Hovnatan and Dozier, Ivan and Rose, Greg and others},
  booktitle={Proceedings of the IEEE/CVF Conference on Computer Vision and Pattern Recognition},
  pages={2828--2838},
  year={2020}
}